<record><leader>00000cas a2200000 a 4500</leader><controlfield tag="001">12085342</controlfield><controlfield tag="008">850528d19uu19uukyuwr ne      0    0eng d</controlfield><datafield ind1=" " ind2=" " tag="010"><subfield code="a">sn 85052049 </subfield></datafield><datafield ind1=" " ind2=" " tag="040"><subfield code="a">KNP</subfield><subfield code="b">eng</subfield><subfield code="c">KNP</subfield><subfield code="d">OCL</subfield><subfield code="d">OCLCQ</subfield></datafield><datafield ind1=" " ind2=" " tag="042"><subfield code="a">msc</subfield></datafield><datafield ind1="0" ind2=" " tag="130"><subfield code="a">Winchester democrat (Winchester, Ky. : 1928)</subfield></datafield><datafield ind1="1" ind2="0" tag="245"><subfield code="a">Winchester democrat.</subfield></datafield><datafield ind1=" " ind2=" " tag="260"><subfield code="a">Winchester, Ky. :</subfield><subfield code="b">Squire Turner</subfield></datafield><datafield ind1=" " ind2=" " tag="300"><subfield code="a">v. :</subfield><subfield code="b">ill.</subfield></datafield><datafield ind1=" " ind2=" " tag="310"><subfield code="a">Weekly</subfield></datafield><datafield ind1=" " ind2=" " tag="588"><subfield code="a">Description based on: Vol. 55, no. 1 (Mar. 1, 1928).</subfield></datafield><datafield ind1=" " ind2="4" tag="651"><subfield code="a">Winchester (Ky.)</subfield><subfield code="v">Newspapers.</subfield></datafield><datafield ind1=" " ind2="4" tag="651"><subfield code="a">Clark County (Ky.)</subfield><subfield code="v">Newspapers.</subfield></datafield><datafield ind1=" " ind2=" " tag="752"><subfield code="a">United States</subfield><subfield code="b">Kentucky</subfield><subfield code="c">Clark</subfield><subfield code="d">Winchester.</subfield></datafield><datafield ind1="0" ind2="0" tag="780"><subfield code="t">Daily democrat (Winchester, Ky.)</subfield><subfield code="w">(DLC)sn 85052048</subfield></datafield><datafield ind1="1" ind2=" " tag="029"><subfield code="a">AU@</subfield><subfield code="b">000020380570</subfield></datafield></record>